@article{henaff2015deep,
  author    = {Mikael Henaff and
               Joan Bruna and
               Yann LeCun},
  title     = {Deep Convolutional Networks on Graph-Structured Data},
  journal   = {CoRR},
  volume    = {abs/1506.05163},
  year      = {2015},
  url       = {http://arxiv.org/abs/1506.05163},
  archivePrefix = {arXiv},
  eprint    = {1506.05163},
  timestamp = {Mon, 13 Aug 2018 16:48:01 +0200},
  biburl    = {https://dblp.org/rec/bib/journals/corr/HenaffBL15},
  bibsource = {dblp computer science bibliography, https://dblp.org}
}